@article{vaswani2017,
  title={Attention is all you need},
  author={Vaswani, Ashish and Shazeer, Noam and Parmar, Niki and Uszkoreit, Jakob and Jones, Llion and Gomez, Aidan N and Kaiser, Lukasz and Polosukhin, Illia},
  journal={arXiv preprint arXiv:1706.03762},
  year={2017}
}

@article{kim2020code,
  title={Code prediction by feeding trees to transformers},
  author={Kim, Seohyun and Zhao, Jinman and Tian, Yuchi and Chandra, Satish},
  journal={arXiv preprint arXiv:2003.13848},
  year={2020}
}

@book{textbook,
author = {Katz, Jonathan and Lindell, Yehuda},
title = {Introduction to Modern Cryptography, Second Edition},
year = {2014},
isbn = {1466570261},
publisher = {Chapman \& Hall/CRC},
edition = {2nd},
}

@inproceedings{sqrt,
  title={SQUARE ROOTS IN FINITE FIELDS AND QUADRATIC NONRESIDUES},
  author={J. Booher},
  year={2015}
}

@article{encoding,
author = {Chandravathi, D. and P.Prapoorna, Roja},
year = {2010},
month = {08},
pages = {},
title = {Encoding And Decoding of a Message in the Implementation of Elliptic Curve Cryptography using Koblitz's Method},
volume = {2},
journal = {International Journal on Computer Science and Engineering}
}
